@article{citrin,
  title={Trust in government.},
  author={Citrin, Jack and Muste, Christopher},
  year={1999},
  publisher={Academic Press}
}


@article{kim2011,
  title={The contextual effects of social capital on health: a cross-national instrumental variable analysis},
  author={Kim, Daniel and Baum, Christopher F and Ganz, Michael L and Subramanian, SV and Kawachi, Ichiro},
  journal={Social science \& Medicine},
  volume={73},
  number={12},
  pages={1689--1697},
  year={2011},
  publisher={Elsevier}
}

@article{kim2011b,
  title={The contextual effects of social capital on health: a cross-national instrumental variable analysis},
  author={Kim, Daniel},
  journal={Social science \& Medicine},
  volume={73},
  number={12},
  pages={1689--1697},
  year={2011},
  publisher={Elsevier}
}

@article{geddes2014autocratic,
  title={Autocratic breakdown and regime transitions: A new data set},
  author={Geddes, Barbara and Wright, Joseph and Frantz, Erica},
  journal={Perspectives on Politics},
  volume={12},
  number={2},
  pages={313--331},
  year={2014},
  publisher={Cambridge University Press}
}

@article{magaloni2010game,
  title={The game of electoral fraud and the ousting of authoritarian rule},
  author={Magaloni, Beatriz},
  journal={American Journal of Political Science},
  volume={54},
  number={3},
  pages={751--765},
  year={2010},
  publisher={Wiley Online Library}
}

@article{mishler2001origins,
  title={What are the origins of political trust? Testing institutional and cultural theories in post-communist societies},
  author={Mishler, William and Rose, Richard},
  journal={Comparative political studies},
  volume={34},
  number={1},
  pages={30--62},
  year={2001},
  publisher={Sage Publications Thousand Oaks}
}

@article{putnam,
  title={Bowling alone: America's declining social capital},
  author={Putnam, Robert D},
  journal={Journal of democracy},
  volume={6},
  number={1},
  pages={65--78},
  year={1995},
  publisher={The Johns Hopkins University Press}
}

@article{tao2014does,
  title={How does political trust affect social trust? An analysis of survey data from rural China using an instrumental variables approach},
  author={Tao, Ran and Yang, Dali L and Li, Ming and Lu, Xi},
  journal={International Political Science Review},
  volume={35},
  number={2},
  pages={237--253},
  year={2014},
  publisher={Sage Publications Sage UK: London, England}
}


